@proceedings{Sibgrapi2017,
	Address = {Niteroi, RJ, Brazil},
	Booktitle = {SIBGRAPI},
	Month = {October},
	Publisher = {{IEEE}},
	Title = {Proceedings of the 30th SIBGRAPI Conference on Graphics, Patterns and Images (SIBGRAPI)},
	Year = {2017}
}


@book{mnih2013machine,
  title={Machine learning for aerial image labeling},
  author={Mnih, Volodymyr},
  year={2013},
  publisher={University of Toronto (Canada)}
}
@article{volpi2017dense,
  title={Dense semantic labeling of subdecimeter resolution images with convolutional neural networks},
  author={Volpi, Michele and Tuia, Devis},
  journal={IEEE Transactions on Geoscience and Remote Sensing},
  volume={55},
  number={2},
  pages={881--893},
  year={2017},
  publisher={IEEE}
}

@inproceedings{castro2017comparative,
  title={A Comparative analysis of deep learning techniques for sub-tropical crop types recognition from multitemporal optical/SAR image sequences},
  author={Castro, Jose David Bermudez and Feitoza, Raul Queiroz and La Rosa, Laura Cue and Diaz, Pedro Marco Achanccaray and Sanches, Ieda Del Arco},
  booktitle={Graphics, Patterns and Images (SIBGRAPI), 2017 30th SIBGRAPI Conference on},
  pages={382--389},
  year={2017},
  organization={IEEE}
}

@article{ma2017ts,
  title={TS-LSTM and temporal-inception: Exploiting spatiotemporal dynamics for activity recognition},
  author={Ma, Chih-Yao and Chen, Min-Hung and Kira, Zsolt and AlRegib, Ghassan},
  journal={arXiv preprint arXiv:1703.10667},
  year={2017}
}

@inproceedings{achanccaray2017spatial,
  title={Spatial-temporal conditional random field based model for crop recognition in tropical regions},
  author={Achanccaray, P and Feitosa, RQ and Rottensteiner, F and Sanches, ID and Heipke, C},
  booktitle={Geoscience and Remote Sensing Symposium (IGARSS), 2017 IEEE International},
  pages={3007--3010},
  year={2017},
  organization={IEEE}
}

% Related work

@article{rustowiczcrop,
  title={Crop Classification with Multi-Temporal Satellite Imagery},
  author={Rustowicz, Rose M}
}

@article{ghazaryan2018rule,
  title={A rule-based approach for crop identification using multi-temporal and multi-sensor phenological metrics},
  author={Ghazaryan, Gohar and Dubovyk, Olena and L{\"o}w, Fabian and Lavreniuk, Mykola and Kolotii, Andrii and Schellberg, J{\"u}rgen and Kussul, Nataliia},
  journal={European Journal of Remote Sensing},
  volume={51},
  number={1},
  pages={511--524},
  year={2018},
  publisher={Taylor \& Francis}
}

@article{russwurm2018multi,
  title={Multi-temporal land cover classification with sequential recurrent encoders},
  author={Ru{\ss}wurm, Marc and K{\"o}rner, Marco},
  journal={ISPRS International Journal of Geo-Information},
  volume={7},
  number={4},
  pages={129},
  year={2018},
  publisher={Multidisciplinary Digital Publishing Institute}
}

@article{kim2017deeprain,
  title={DeepRain: ConvLSTM Network for Precipitation Prediction using Multichannel Radar Data},
  author={Kim, Seongchan and Hong, Seungkyun and Joh, Minsu and Song, Sa-kwang},
  journal={arXiv preprint arXiv:1711.02316},
  year={2017}
}







@inproceedings{long2015fully,
  title={Fully convolutional networks for semantic segmentation},
  author={Long, Jonathan and Shelhamer, Evan and Darrell, Trevor},
  booktitle={Proceedings of the IEEE conference on computer vision and pattern recognition},
  pages={3431--3440},
  year={2015}
}

@article{iandola2014densenet,
  title={Densenet: Implementing efficient convnet descriptor pyramids},
  author={Iandola, Forrest and Moskewicz, Matt and Karayev, Sergey and Girshick, Ross and Darrell, Trevor and Keutzer, Kurt},
  journal={arXiv preprint arXiv:1404.1869},
  year={2014}
}

@article{schneider2012monitoring,
  title={Monitoring land cover change in urban and peri-urban areas using dense time stacks of Landsat satellite data and a data mining approach},
  author={Schneider, Annemarie},
  journal={Remote Sensing of Environment},
  volume={124},
  pages={689--704},
  year={2012},
  publisher={Elsevier}
}
@article{schneider2008compact,
  title={Compact, dispersed, fragmented, extensive? A comparison of urban growth in twenty-five global cities using remotely sensed data, pattern metrics and census information},
  author={Schneider, Annemarie and Woodcock, Curtis E},
  journal={Urban Studies},
  volume={45},
  number={3},
  pages={659--692},
  year={2008},
  publisher={Sage Publications Sage UK: London, England}
}

@article{sanches2018campo,
  title={Campo Verde Database: Seeking to Improve Agricultural Remote Sensing of Tropical Areas},
  author={Sanches, Ieda Del’Arco and Feitosa, Raul Queiroz and Diaz, Pedro Marco Achanccaray and Soares, Marinalva Dias and Luiz, Alfredo Jos{\'e} Barreto and Schultz, Bruno and Maurano, Luis Eduardo Pinheiro},
  journal={IEEE Geoscience and Remote Sensing Letters},
  volume={15},
  number={3},
  pages={369--373},
  year={2018},
  publisher={IEEE}
}

@book{thenkabail2015land,
  title={Land resources monitoring, modeling, and mapping with remote sensing},
  author={Thenkabail, Prasad S},
  year={2015},
  publisher={CRC Press}
}

@article{cook1998precision,
  title={Precision agriculture—opportunities, benefits and pitfalls of site-specific crop management in Australia},
  author={Cook, SE and Bramley, RGV},
  journal={Australian Journal of Experimental Agriculture},
  volume={38},
  number={7},
  pages={753--763},
  year={1998},
  publisher={CSIRO}
}

@article{leite2011hidden,
  title={Hidden Markov Models for crop recognition in remote sensing image sequences},
  author={Leite, Paula Beatriz Cerqueira and Feitosa, Raul Queiroz and Formaggio, Ant{\^o}nio Roberto and da Costa, Gilson Alexandre Ostwald Pedro and Pakzad, Kian and Sanches, Ieda Del’Arco},
  journal={Pattern Recognition Letters},
  volume={32},
  number={1},
  pages={19--26},
  year={2011},
  publisher={Elsevier}
}

@article{mulla2013twenty,
  title={Twenty five years of remote sensing in precision agriculture: Key advances and remaining knowledge gaps},
  author={Mulla, David J},
  journal={Biosystems engineering},
  volume={114},
  number={4},
  pages={358--371},
  year={2013},
  publisher={Elsevier}
}

@article{lohmann2008multi,
  title={Multi-temporal Classification for Crop Discrimination using TerraSAR--X Spotlight images},
  author={Lohmann, P and Soergel, U and Tavakkoli, M and Farghaly, D and others},
  journal={Proceedings IntArchPhRS},
  volume={38},
  year={2008}
}

@article{waske2009classifier,
  title={Classifier ensembles for land cover mapping using multitemporal SAR imagery},
  author={Waske, Bj{\"o}rn and Braun, Matthias},
  journal={ISPRS Journal of Photogrammetry and Remote Sensing},
  volume={64},
  number={5},
  pages={450--457},
  year={2009},
  publisher={Elsevier}
}

@article{lecun2015deep,
  title={Deep learning},
  author={LeCun, Yann and Bengio, Yoshua and Hinton, Geoffrey},
  journal={nature},
  volume={521},
  number={7553},
  pages={436},
  year={2015},
  publisher={Nature Publishing Group}
}

@article{ji20183d,
  title={3D Convolutional Neural Networks for Crop Classification with Multi-Temporal Remote Sensing Images},
  author={Ji, Shunping and Zhang, Chi and Xu, Anjian and Shi, Yun and Duan, Yulin},
  journal={Remote Sensing},
  volume={10},
  number={1},
  pages={75},
  year={2018},
  publisher={Multidisciplinary Digital Publishing Institute}
}
@article{bargiel2017new,
  title={A new method for crop classification combining time series of radar images and crop phenology information},
  author={Bargiel, Damian},
  journal={Remote Sensing of Environment},
  volume={198},
  pages={369--383},
  year={2017},
  publisher={Elsevier}
}

@inproceedings{xingjian2015convolutional,
  title={Convolutional LSTM network: A machine learning approach for precipitation nowcasting},
  author={Xingjian, SHI and Chen, Zhourong and Wang, Hao and Yeung, Dit-Yan and Wong, Wai-Kin and Woo, Wang-chun},
  booktitle={Advances in neural information processing systems},
  pages={802--810},
  year={2015}
}

@techreport{audebertdeep,
  title={Deep Learning for Remote Sensing},
  author={Audebert, Nicolas and Boulch, Alexandre and Lagrange, Adrien and Le Saux, Bertrand and Lefevre, S{\'e}bastien},
  institution={Technical Report}
}

@inproceedings{jegou2017one,
  title={The one hundred layers tiramisu: Fully convolutional densenets for semantic segmentation},
  author={J{\'e}gou, Simon and Drozdzal, Michal and Vazquez, David and Romero, Adriana and Bengio, Yoshua},
  booktitle={Computer Vision and Pattern Recognition Workshops (CVPRW), 2017 IEEE Conference on},
  pages={1175--1183},
  year={2017},
  organization={IEEE}
}




@inproceedings{rnnjose,
  title={AN HYBRID RECURRENT CONVOLUTIONAL NEURAL NETWORK FOR CROP TYPE
RECOGNITION BASED ON MULTITEMPORAL SAR IMAGE SEQUENCES},
  author={Bermudez, Jose and Feitosa, Raul Q and Happ, Patrick},
  booktitle={Geoscience and Remote Sensing Symposium (IGARSS), 2018 IEEE International},
  year={2018},
  organization={IEEE}
}

@inproceedings{fcnlaura,
  title={DENSE FULLY CONVOLUTIONAL NETWORKS FOR CROP RECOGNITION FROM MULTITEMPORAL SAR IMAGE SEQUENCES},
  author={CUÉ, Laura and Nigri, Patrick and Queiroz, Raul},
  booktitle={Geoscience and Remote Sensing Symposium (IGARSS), 2018 IEEE International},
  year={2018},
  organization={IEEE}
}
